<?xml version="1.0" encoding="UTF-8"?>
<marc:collection xmlns="http://www.loc.gov/MARC21/slim" xmlns:marc="http://www.loc.gov/MARC21/slim" xmlns:xsi="http://www.w3.org/2001/XMLSchema-instance" xsi:schemaLocation="http://www.loc.gov/standards/marcxml/schema/MARC21slim.xsd">
  <record>
    <leader>00000npc a2200000 u 4500</leader>
    <datafield ind1=" " ind2=" " tag="040">
      <subfield code="a">DWP</subfield>
      <subfield code="c">DWP</subfield>
      <subfield code="e">dacs</subfield>
    </datafield>
    <datafield ind1="0" ind2="0" tag="245">
      <subfield code="a">Dr. Darrell Clayton Crain Jr. Photograph Collection</subfield>
    </datafield>
    <datafield ind1=" " ind2="7" tag="650">
      <subfield code="a">Civil rights</subfield>
      <subfield code="2">Library of Congress Subject Headings</subfield>
    </datafield>
    <datafield ind1=" " ind2="7" tag="650">
      <subfield code="a">Photographs</subfield>
      <subfield code="2">Library of Congress Subject Headings</subfield>
    </datafield>
    <datafield ind1=" " ind2=" " tag="300">
      <subfield code="a">2 boxes</subfield>
    </datafield>
    <datafield ind1=" " ind2=" " tag="099">
      <subfield code="a">P035</subfield>
    </datafield>
    <datafield ind1="8" ind2=" " tag="555">
      <subfield code="a">Finding aid online:</subfield>
      <subfield code="u">http://washingtoniana.dclibrary.org</subfield>
    </datafield>
    <datafield ind1="4" ind2="2" tag="856">
      <subfield code="z">Finding aid online:</subfield>
      <subfield code="u">http://washingtoniana.dclibrary.org</subfield>
    </datafield>
    <datafield ind1=" " ind2=" " tag="546">
      <subfield code="a">English</subfield>
    </datafield>
    <datafield ind1="1" ind2=" " tag="545">
      <subfield code="a">Native Washingtonian and lifelong resident of Washington, D.C., Dr. Darrell Clayton Crain Jr. (1910-1995) dedicated 50 years of his life to the practice of medicine. After graduating from the George Washington University School of Medicine and completing residency at Emergency Hospital, Dr. Crain served as Medical Officer at Walter Reed General Hospital before entering private practice in 1937. Notable achievements in his field include co-founding the Arthritis Rehabilitation Center in Washington, founding of the Rheumatology Clinic at Georgetown University Hospital, serving in professional and civic societies, and writing several books.  Dr. Crain was a rheumatologist by profession and photographer by hobby. While in his home of Washington, D.C. and traveling the country and abroad, he documented his experiences on film, leaving behind vibrant, color photographs that give a vivid glimpse of the past. From family vacations to the aftermath of the 1968 riots in Washington, D.C. to professional travel in Monaco, Dr. Crain captured candid and intimate historical moments over the span of four decades.</subfield>
    </datafield>
    <datafield ind1="1" ind2=" " tag="561">
      <subfield code="a">The Dr. Darrell C. Crain Jr. Photograph Collection was donated to the Library by Barbara Crain Rollinson and Alice R. Makl, daughter and granddaughter of the late Dr. Crain on June 2, 2015.</subfield>
    </datafield>
    <datafield ind1="2" ind2=" " tag="520">
      <subfield code="a">The collection consists of 270 Kodachrome Ektachrome slides, 3 empty slide boxes, and one original 8x10 black and white photograph, as well as 275 digital surrogates of all of the analog images donated and several family photographs of Crain and his homes which the library only received digitally. The photographs document daily life in the Washington, DC area, Dr. Crain’s travels around the U.S. and abroad, and important events.  Events depicted include the March on Washington, the Resurrection City protests, the 1776 United States bicentennial celebration, 1965 and 1977 presidential inauguration parades, and the aftermath of the 1968 riots.  Sites photographed around the Washington area include Glen Echo Park, Georgetown University and Georgetown University Hospital, the Tidal Basin during Cherry Blossom season, the National Mall, 14th Street, Northminster Presbyterian Church, and other sites and statues around D.C.  Locations of photography outside of Washington include Duke University, Nevada, Hershey, Pennsylvania, Chatham, Massachusetts, Maine, Upstate New York, Vermont, Death Valley, the western United States, Bermuda and Monaco.</subfield>
    </datafield>
  </record>
</marc:collection>

